<record><leader>00000cas a22000007a 4500</leader><controlfield tag="001">9927494</controlfield><controlfield tag="008">830920c18689999nyuwr ne      0    0eng d</controlfield><controlfield tag="009">3781</controlfield><datafield ind1=" " ind2=" " tag="010"><subfield code="a">sn 83031614 </subfield></datafield><datafield ind1=" " ind2=" " tag="040"><subfield code="a">NPU</subfield><subfield code="b">eng</subfield><subfield code="c">NPU</subfield><subfield code="d">NPX</subfield><subfield code="d">NYS</subfield><subfield code="d">OCL</subfield><subfield code="d">OCLCQ</subfield></datafield><datafield ind1="1" ind2=" " tag="029"><subfield code="a">AU@</subfield><subfield code="b">000020277203</subfield></datafield><datafield ind1=" " ind2=" " tag="037"><subfield code="b">Sherburne News, 17 East State St., Sherburne, N.Y. 13460</subfield></datafield><datafield ind1=" " ind2=" " tag="042"><subfield code="a">msc</subfield></datafield><datafield ind1="0" ind2="4" tag="245"><subfield code="a">The Sherburne news.</subfield></datafield><datafield ind1=" " ind2=" " tag="260"><subfield code="a">Sherburne, N.Y. :</subfield><subfield code="b">LeMonte G. Raymond</subfield></datafield><datafield ind1=" " ind2=" " tag="300"><subfield code="a">v. :</subfield><subfield code="b">ill. ;</subfield><subfield code="c">57 cm.</subfield></datafield><datafield ind1=" " ind2=" " tag="310"><subfield code="a">Weekly</subfield></datafield><datafield ind1="0" ind2=" " tag="362"><subfield code="a">Vol. 5, no. 1 (Apr. 16, 1868)-</subfield></datafield><datafield ind1=" " ind2=" " tag="500"><subfield code="a">Publishers: LeMonte G. Raymond, 1868-&lt;1869&gt;; Thomas Randall, &lt;1873-1875&gt;; John H. O'Brien, &lt;1907-1909&gt;; Larry J. McDaniel &amp; Roy V. Howard, &lt;1917&gt;; John M. McDaniel, &lt;1977-&gt;.</subfield></datafield><datafield ind1=" " ind2=" " tag="500"><subfield code="a">Editors: Thomas Randall, &lt;1873-1876&gt;; [etc.].</subfield></datafield><datafield ind1=" " ind2=" " tag="500"><subfield code="a">Imprint varies.</subfield></datafield><datafield ind1=" " ind2="4" tag="651"><subfield code="a">Sherburne (N.Y.)</subfield><subfield code="v">Newspapers.</subfield></datafield><datafield ind1=" " ind2=" " tag="752"><subfield code="a">United States</subfield><subfield code="b">New York</subfield><subfield code="c">Chenango</subfield><subfield code="d">Sherburne.</subfield></datafield><datafield ind1="0" ind2="0" tag="780"><subfield code="t">Sherburne home news</subfield><subfield code="w">(DLC)sn 85027074</subfield></datafield><datafield ind1="0" ind2="0" tag="780"><subfield code="t">Sherburne transcript</subfield></datafield></record>